<record><leader>00000cas a2200000 a 4500</leader><controlfield tag="001">13756895</controlfield><controlfield tag="008">860620d185u1860mouwr ne      0    0eng d</controlfield><datafield ind1=" " ind2=" " tag="010"><subfield code="a">sn 86063342 </subfield></datafield><datafield ind1=" " ind2=" " tag="040"><subfield code="a">KSH</subfield><subfield code="b">eng</subfield><subfield code="c">KSH</subfield><subfield code="d">NPT</subfield><subfield code="d">MQN</subfield><subfield code="d">CNW</subfield><subfield code="d">OCL</subfield><subfield code="d">OCLCQ</subfield><subfield code="d">OCLCF</subfield><subfield code="d">OCLCO</subfield></datafield><datafield ind1="1" ind2=" " tag="029"><subfield code="a">AU@</subfield><subfield code="b">000020236147</subfield></datafield><datafield ind1=" " ind2=" " tag="042"><subfield code="a">msc</subfield></datafield><datafield ind1=" " ind2=" " tag="043"><subfield code="a">n-us-mo</subfield></datafield><datafield ind1="0" ind2=" " tag="130"><subfield code="a">Border star (Westport, Mo.)</subfield></datafield><datafield ind1="1" ind2="4" tag="245"><subfield code="a">The border star.</subfield></datafield><datafield ind1="3" ind2="0" tag="246"><subfield code="a">Westport border star</subfield></datafield><datafield ind1="3" ind2="0" tag="246"><subfield code="a">Weekly border star</subfield></datafield><datafield ind1=" " ind2=" " tag="260"><subfield code="a">Westport, Mo. :</subfield><subfield code="b">H.M. M'Carty</subfield></datafield><datafield ind1=" " ind2=" " tag="300"><subfield code="a">v. ;</subfield><subfield code="c">63 cm.</subfield></datafield><datafield ind1=" " ind2=" " tag="310"><subfield code="a">Weekly</subfield></datafield><datafield ind1="1" ind2=" " tag="362"><subfield code="a">Ceased in Nov. 1860.</subfield></datafield><datafield ind1=" " ind2=" " tag="500"><subfield code="a">Published as: Westport border star, June 10-Sept. 24, 1859; Weekly border star, Oct. 1, 1859-Apr. 14, 1860.</subfield></datafield><datafield ind1=" " ind2=" " tag="500"><subfield code="a">Westport now a part of Kansas City, Mo.</subfield></datafield><datafield ind1=" " ind2=" " tag="588"><subfield code="a">Description based on: Vol. 3, no. 13 (Dec. 31, 1858).</subfield></datafield><datafield ind1=" " ind2="0" tag="651"><subfield code="a">Westport (Kansas City, Mo.)</subfield><subfield code="v">Newspapers.</subfield></datafield><datafield ind1=" " ind2="7" tag="655"><subfield code="a">Newspapers.</subfield><subfield code="2">fast</subfield><subfield code="0">(OCoLC)fst01423814</subfield></datafield><datafield ind1=" " ind2="7" tag="651"><subfield code="a">Missouri</subfield><subfield code="z">Kansas City</subfield><subfield code="z">Westport.</subfield><subfield code="2">fast</subfield><subfield code="0">(OCoLC)fst01313948</subfield></datafield><datafield ind1=" " ind2=" " tag="752"><subfield code="a">United States</subfield><subfield code="b">Missouri</subfield><subfield code="d">Kansas City.</subfield></datafield><datafield ind1=" " ind2=" " tag="752"><subfield code="a">United States</subfield><subfield code="b">Missouri</subfield><subfield code="c">Jackson</subfield><subfield code="d">Westport.</subfield></datafield><datafield ind1="0" ind2="0" tag="780"><subfield code="t">Star of empire (Westport, Mo.)</subfield><subfield code="w">(DLC)sn 86063996</subfield></datafield><datafield ind1="0" ind2="7" tag="785"><subfield code="t">Kansas City enquirer</subfield><subfield code="w">(DLC)sn 84020051</subfield></datafield><datafield ind1="0" ind2="7" tag="785"><subfield code="t">Kansas City enquirer and star</subfield><subfield code="w">(DLC)sn 86063344</subfield></datafield></record>